@online{sample-2023,
	author = {{Sample author}},
	date = {2023-06-18},
	title = {Sample title},
	url = {https://www.sample-link.com},
	urldate = {2023-06-18}
}